<record><leader>00000cas a22000007a 4500</leader><controlfield tag="001">10694508</controlfield><controlfield tag="008">840505d18691906wvuwr ne      0    0eng c</controlfield><datafield ind1=" " ind2=" " tag="010"><subfield code="a">sn 84026843 </subfield></datafield><datafield ind1=" " ind2=" " tag="040"><subfield code="a">NPU</subfield><subfield code="b">eng</subfield><subfield code="c">NPU</subfield><subfield code="d">NPX</subfield><subfield code="d">WVC</subfield><subfield code="d">DLC</subfield><subfield code="d">NVK</subfield><subfield code="d">OCL</subfield><subfield code="d">OCLCQ</subfield><subfield code="d">DLC</subfield><subfield code="d">OCLCQ</subfield><subfield code="d">OCLCF</subfield></datafield><datafield ind1="1" ind2=" " tag="029"><subfield code="a">AU@</subfield><subfield code="b">000020338317</subfield></datafield><datafield ind1=" " ind2=" " tag="042"><subfield code="a">pcc</subfield></datafield><datafield ind1=" " ind2=" " tag="043"><subfield code="a">n-us-wv</subfield></datafield><datafield ind1="0" ind2="0" tag="050"><subfield code="a">Newspaper</subfield></datafield><datafield ind1="0" ind2="0" tag="245"><subfield code="a">Martinsburg statesman.</subfield></datafield><datafield ind1="1" ind2="3" tag="246"><subfield code="a">Statesman</subfield></datafield><datafield ind1=" " ind2=" " tag="260"><subfield code="a">Martinsburg, W. Va. :</subfield><subfield code="b">Rob't. S. Eichelberger</subfield></datafield><datafield ind1=" " ind2=" " tag="300"><subfield code="a">v. ;</subfield><subfield code="c">62-66 cm.</subfield></datafield><datafield ind1=" " ind2=" " tag="310"><subfield code="a">Weekly</subfield></datafield><datafield ind1="1" ind2=" " tag="362"><subfield code="a">Began in 1869.</subfield><subfield code="z">Cf. W. Va. Legislative Handbooks &amp; Evans, W. Hist. of Berkeley Co.</subfield></datafield><datafield ind1="0" ind2=" " tag="362"><subfield code="a">-v.39, no. 50 (Sept. 14, 1906).</subfield></datafield><datafield ind1=" " ind2=" " tag="500"><subfield code="a">Has occasional extra editions.</subfield></datafield><datafield ind1=" " ind2=" " tag="500"><subfield code="a">Special Historical and Industrial supplement edited and compiled by Albert E. Walker, July 1905.</subfield></datafield><datafield ind1=" " ind2=" " tag="500"><subfield code="a">"Democratic." Cf. Ayer, 1906.</subfield></datafield><datafield ind1=" " ind2=" " tag="500"><subfield code="a">Editor: D.S. Eichelberger, &lt;1876&gt;.</subfield></datafield><datafield ind1=" " ind2=" " tag="588"><subfield code="a">Description based on: Vol. 4, no. 27 (Apr. 8, 1873).</subfield></datafield><datafield ind1=" " ind2="0" tag="651"><subfield code="a">Martinsburg (W. Va.)</subfield><subfield code="v">Newspapers.</subfield></datafield><datafield ind1=" " ind2="7" tag="655"><subfield code="a">Newspapers.</subfield><subfield code="2">fast</subfield><subfield code="0">(OCoLC)fst01423814</subfield></datafield><datafield ind1=" " ind2="7" tag="651"><subfield code="a">West Virginia</subfield><subfield code="z">Martinsburg.</subfield><subfield code="2">fast</subfield><subfield code="0">(OCoLC)fst01224867</subfield></datafield><datafield ind1=" " ind2=" " tag="752"><subfield code="a">United States</subfield><subfield code="b">West Virginia</subfield><subfield code="c">Berkeley</subfield><subfield code="d">Martinsburg.</subfield></datafield><datafield ind1="0" ind2="0" tag="780"><subfield code="t">Valley star (Martinsburg, Va.)</subfield><subfield code="w">(DLC)sn 85059534</subfield><subfield code="w">(OCoLC)12680979</subfield></datafield><datafield ind1="0" ind2="7" tag="785"><subfield code="t">Berkeley democrat</subfield><subfield code="w">(DLC)sn 85059522</subfield><subfield code="w">(OCoLC)12680985</subfield></datafield><datafield ind1="0" ind2="7" tag="785"><subfield code="t">Martinsburg statesman-democrat</subfield><subfield code="w">(DLC)sn 85059542</subfield><subfield code="w">(OCoLC)12689034</subfield></datafield></record>